@article{balabonski:hal-03409681,
  title       = {{A strong call-by-need calculus}},
  author      = {Balabonski, Thibaut and Lanco, Antoine and Melquiond, Guillaume},
  url         = {https://inria.hal.science/hal-03409681},
  journal     = {{Logical Methods in Computer Science}},
  publisher   = {{Logical Methods in Computer Science Association}},
  volume      = {19},
  number      = {1},
  pages       = {39},
  year        = {2023},
  month       = Mar,
  doi         = {10.46298/lmcs-19(1:21)2023},
  keywords    = {strong reduction ; call-by-need ; evaluation strategy ; normalization},
  pdf         = {https://inria.hal.science/hal-03409681v3/file/main.pdf},
  hal_id      = {hal-03409681},
  hal_version = {v3}
}
